@article{evans_didelez_2023,
    author = {Evans, Robin J and Didelez, Vanessa},
    title = "{Parameterizing and Simulating from Causal Models}",
    journal = {Journal of the Royal Statistical Society Series B: Statistical Methodology},
    pages = {qkad058},
    year = {2023},
    month = {05},
    issn = {1369-7412},
    doi = {10.1093/jrsssb/qkad058},
    url = {https://doi.org/10.1093/jrsssb/qkad058},
    eprint = {https://academic.oup.com/jrsssb/advance-article-pdf/doi/10.1093/jrsssb/qkad058/50435448/qkad058.pdf},
}

@misc{ding2023course,
      title={A First Course in Causal Inference}, 
      author={Peng Ding},
      year={2023},
      eprint={2305.18793},
      archivePrefix={arXiv},
      primaryClass={stat.ME}
}

@inproceedings{robins_wasserman_1997,
author = {Robins, James M. and Wasserman, Larry},
title = {Estimation of Effects of Sequential Treatments by Reparameterizing Directed Acyclic Graphs},
year = {1997},
isbn = {1558604855},
publisher = {Morgan Kaufmann Publishers Inc.},
address = {San Francisco, CA, USA},
booktitle = {Proceedings of the Thirteenth Conference on Uncertainty in Artificial Intelligence},
pages = {409â€“420},
numpages = {12},
location = {Providence, Rhode Island},
series = {UAI'97}
}

@article{mcgrath2022revisiting,
  title={Revisiting the g-null Paradox},
  author={McGrath, Sean and Young, Jessica G and Hern{\'a}n, Miguel A},
  journal={Epidemiology (Cambridge, Mass.)},
  volume={33},
  number={1},
  pages={114},
  year={2022},
  publisher={NIH Public Access}
}

@article{Bergsma_Rudas_2002,
author = {Wicher P. Bergsma and Tam{\'a}s Rudas},
title = {{Marginal models for categorical data}},
volume = {30},
journal = {The Annals of Statistics},
number = {1},
publisher = {Institute of Mathematical Statistics},
pages = {140 -- 159},
keywords = {asymptotic normality of maximum likelihood estimates, curved exponential family, existence and connectedness of a model, log-affine and log-linear marginal models, Marginal log-linear parameters, smooth parameterization, variation independence},
year = {2002},
doi = {10.1214/aos/1015362188},
URL = {https://doi.org/10.1214/aos/1015362188}
}

@article{saarela_2015,
author = {Saarela, Olli and Stephens, David A. and Moodie, Erica E. M. and Klein, Marina B.},
title = {On Bayesian estimation of marginal structural models},
journal = {Biometrics},
volume = {71},
number = {2},
pages = {279-288},
keywords = {Bayesian inference, Causal inference, Inverse probability weighting, Longitudinal data, Marginal structural models, Posterior predictive inference, Variance estimation},
doi = {https://doi.org/10.1111/biom.12269},
url = {https://onlinelibrary.wiley.com/doi/abs/10.1111/biom.12269},
eprint = {https://onlinelibrary.wiley.com/doi/pdf/10.1111/biom.12269},
year = {2015}
}




